<?xml version="1.0" encoding="UTF-8"?><record xmlns="http://www.loc.gov/MARC21/slim" xmlns:cinclude="http://apache.org/cocoon/include/1.0" xmlns:zs="http://www.loc.gov/zing/srw/">
  <leader>02394cz  a2200349n  4500</leader>
  <controlfield tag="001">n  94052375 </controlfield>
  <controlfield tag="003">DLC</controlfield>
  <controlfield tag="005">20150708135517.0</controlfield>
  <controlfield tag="008">940601n| azannaabn          |a aaa      </controlfield>
  <datafield tag="010" ind1=" " ind2=" ">
    <subfield code="a">n  94052375 </subfield>
    <subfield code="z">n 2004152370</subfield>
    <subfield code="z">n 2006055785</subfield>
    <subfield code="z">n 2007087767</subfield>
    <subfield code="z">n 2012073341</subfield>
    <subfield code="z">n 2015040473</subfield>
  </datafield>
  <datafield tag="035" ind1=" " ind2=" ">
    <subfield code="a">(OCoLC)oca03615615</subfield>
  </datafield>
  <datafield tag="040" ind1=" " ind2=" ">
    <subfield code="a">DLC</subfield>
    <subfield code="b">eng</subfield>
    <subfield code="e">rda</subfield>
    <subfield code="c">DLC</subfield>
    <subfield code="d">DLC</subfield>
    <subfield code="d">Nz</subfield>
    <subfield code="d">NjBlaOCU</subfield>
    <subfield code="d">DLC</subfield>
    <subfield code="d">InU</subfield>
    <subfield code="d">NmU</subfield>
    <subfield code="d">DLC</subfield>
  </datafield>
  <datafield tag="046" ind1=" " ind2=" ">
    <subfield code="f">19480904</subfield>
  </datafield>
  <datafield tag="100" ind1="1" ind2=" ">
    <subfield code="a">Peters, Michael</subfield>
    <subfield code="q">(Michael A.),</subfield>
    <subfield code="d">1948-</subfield>
  </datafield>
  <datafield tag="373" ind1=" " ind2=" ">
    <subfield code="a">University of Waikato</subfield>
    <subfield code="2">naf</subfield>
  </datafield>
  <datafield tag="374" ind1=" " ind2=" ">
    <subfield code="a">Professor of education</subfield>
  </datafield>
  <datafield tag="375" ind1=" " ind2=" ">
    <subfield code="a">male</subfield>
  </datafield>
  <datafield tag="377" ind1=" " ind2=" ">
    <subfield code="a">eng</subfield>
  </datafield>
  <datafield tag="378" ind1=" " ind2=" ">
    <subfield code="q">Michael Adrian</subfield>
  </datafield>
  <datafield tag="400" ind1="1" ind2=" ">
    <subfield code="a">Peters, M.</subfield>
    <subfield code="q">(Michael),</subfield>
    <subfield code="d">1948-</subfield>
  </datafield>
  <datafield tag="400" ind1="1" ind2=" ">
    <subfield code="w">nne</subfield>
    <subfield code="a">Peters, Michael A.,</subfield>
    <subfield code="d">1948-</subfield>
  </datafield>
  <datafield tag="670" ind1=" " ind2=" ">
    <subfield code="a">Education and the postmodern condition, 1995:</subfield>
    <subfield code="b">CIP t.p. (Michael Peters)</subfield>
  </datafield>
  <datafield tag="670" ind1=" " ind2=" ">
    <subfield code="a">Phone call to Bergin &amp; Garvey, 06-01-94</subfield>
    <subfield code="b">(Michael A. Peters; b. Sept. 4, 1948)</subfield>
  </datafield>
  <datafield tag="670" ind1=" " ind2=" ">
    <subfield code="a">NZ files, Mar. 11, 2004</subfield>
    <subfield code="b">(x-ref.: Peters, Michael Adrian, 1948-)</subfield>
  </datafield>
  <datafield tag="670" ind1=" " ind2=" ">
    <subfield code="a">NZ database, Mar. 11, 2004</subfield>
    <subfield code="b">(usage: Michael Peters, Michael A. Peters, M. Peters)</subfield>
  </datafield>
  <datafield tag="670" ind1=" " ind2=" ">
    <subfield code="a">Deconstructing Derrida, c2006:</subfield>
    <subfield code="b">ECIP t.p. (Michael A. Peters) data view (b. 1948)</subfield>
  </datafield>
  <datafield tag="670" ind1=" " ind2=" ">
    <subfield code="a">Building knowledge cultures, c2006:</subfield>
    <subfield code="b">ECIP t.p. (Michael A. Peters) data view (b. 1948)</subfield>
  </datafield>
  <datafield tag="670" ind1=" " ind2=" ">
    <subfield code="a">Why Foucault?, c2007:</subfield>
    <subfield code="b">eCIP t.p. (Michael Peters) data sheet (b. Sept. 4, 1948; professor of education at the University of Illinois at Urbana-Champaign and adjunct professor of education at the University of Glasgow) mono. t.p. (Michael A. Peters)</subfield>
  </datafield>
  <datafield tag="670" ind1=" " ind2=" ">
    <subfield code="a">Cognitive capitalism, education ... c2011:</subfield>
    <subfield code="b">ECIP t.p. (Michael A. Peters) data view (prof. of education, Univ. of Illinois at Urbana-Champaign and adjunct prof., Sch. of Art, Royal Melbourne Inst. of Technology; b. Sept. 4, 1948)</subfield>
  </datafield>
  <datafield tag="670" ind1=" " ind2=" ">
    <subfield code="a">Education, science and knowledge capitalism, 2013:</subfield>
    <subfield code="b">ECIP t.p. (Michael A. Peters) data view (b. 09/04/1948)</subfield>
  </datafield>
  <datafield tag="670" ind1=" " ind2=" ">
    <subfield code="a">A companion to research in education, c2014:</subfield>
    <subfield code="b">t.p. (Michael A. Peters) t.p. verso (Hamilton Campus, University of Waikato, Hamilton, New Zealand)</subfield>
  </datafield>
  <datafield tag="670" ind1=" " ind2=" ">
    <subfield code="a">Beyond the philosophy of the subject, 2016:</subfield>
    <subfield code="b">ECIP t.p. (Michael A. Peters) data view (Prof. of Educ. at the Univ. of Waikato, New Zealand and Emeritus Prof. in Educational Policy, Organization, and Leadership at the Univ. of Illinois at Urbana-Champaign,  He is the executive editor of the journal Educational philosophy and theory)</subfield>
  </datafield>
</record>